<record><leader>00000cas a22000007a 4500</leader><controlfield tag="001">14055745</controlfield><controlfield tag="008">860807c19159999iauwr ne      0    0eng d</controlfield><datafield ind1=" " ind2=" " tag="010"><subfield code="a">sn 86061025 </subfield></datafield><datafield ind1=" " ind2=" " tag="040"><subfield code="a">INP</subfield><subfield code="b">eng</subfield><subfield code="c">INP</subfield><subfield code="d">OCLCQ</subfield></datafield><datafield ind1=" " ind2=" " tag="042"><subfield code="a">msc</subfield></datafield><datafield ind1="0" ind2="4" tag="245"><subfield code="a">The New London journal.</subfield></datafield><datafield ind1=" " ind2=" " tag="260"><subfield code="a">New London, Henry County, Iowa :</subfield><subfield code="b">H.N. Smith,</subfield><subfield code="c">1915-</subfield></datafield><datafield ind1=" " ind2=" " tag="300"><subfield code="a">v. :</subfield><subfield code="b">ill.</subfield></datafield><datafield ind1=" " ind2=" " tag="310"><subfield code="a">Weekly</subfield></datafield><datafield ind1="0" ind2=" " tag="362"><subfield code="a">Vol. 1, no. 1 (July 8, 1915)-</subfield></datafield><datafield ind1=" " ind2=" " tag="500"><subfield code="a">Special "Centennial edition (1875-1975)" published [June] 1975.</subfield></datafield><datafield ind1=" " ind2=" " tag="500"><subfield code="a">Publisher varies.</subfield></datafield><datafield ind1=" " ind2=" " tag="500"><subfield code="a">Originally edited by: Edna Levendahl.</subfield></datafield><datafield ind1=" " ind2=" " tag="752"><subfield code="a">United States</subfield><subfield code="b">Iowa</subfield><subfield code="c">Henry</subfield><subfield code="d">New London.</subfield></datafield><datafield ind1="0" ind2="4" tag="780"><subfield code="t">Henry County times (New London, Iowa : 1912)</subfield></datafield><datafield ind1="0" ind2="4" tag="780"><subfield code="t">New London advertiser</subfield></datafield><datafield ind1="0" ind2="5" tag="780"><subfield code="t">Danville enterprise</subfield></datafield><datafield ind1="1" ind2=" " tag="029"><subfield code="a">AU@</subfield><subfield code="b">000025810457</subfield></datafield></record>